@article{dati_ALICE,
	year = 2019,
	author = {ALICE Collaboration},
	title = {Measurement of {$D^0$, $D^+$, $D^{*+}$ and $D^+_s$} production in pp collisions at $\sqrt{s} = 5.02$ {TeV} with {ALICE}},
	journal = {Eur.Phys.J. C79},
	note =  {no.5, 3}
}

@article{TMVA,
	year = 2007,
	author = {A. Hocker et al.},
	title = {“{TMVA} - {Toolkit for Multivariate Data Analysis}”},
	journal = {PoS ACAT},
	note =  {040 [physics/0703039 {[PHYSICS]}}
}

@article{Root,
      author         = "Brun, R. and Rademakers, F.",
      title          = "{ROOT: An object oriented data analysis framework}",
      booktitle      = "{New computing techniques in physics research V.
                        Proceedings, 5th International Workshop, AIHENP '96,
                        Lausanne, Switzerland, September 2-6, 1996}",
      journal        = "Nucl. Instrum. Meth.",
      volume         = "A389",
      year           = "1997",
      pages          = "81-86",
      doi            = "10.1016/S0168-9002(97)00048-X",
      SLACcitation   = "%%CITATION = NUIMA,A389,81;%%"
}



@article{sito_cern_ALICE,
    author  = "CERN",
    title   = "{ALICE}",
	note = {https://home.cern/science/experiments/alice}}	

@article{sito_cern_LHC,
    author  = "CERN",
    title   = "{The Large Hadron Collider}",
	note = {https://home.cern/science/experiments/alice}}	


@book{libro_nucleare,
author = { {Povh, Bogdan},{Rith, Klaus},{Scholz, Kristoph},{Zetsche, Frank}},
title = {Particelle e Nuclei},
year = {1998},
}

@article{Collaboration_2008_ALICE,
	doi = {10.1088/1748-0221/3/08/s08002},
	url = {https://doi.org/10.1088%2F1748-0221%2F3%2F08%2Fs08002},
	year = 2008,
	month = {aug},
	publisher = {{IOP} Publishing},
	volume = {3},
	number = {08},
	pages = {S08002--S08002},
	author = {The ALICE Collaboration, K Aamodt et al. },
	title = {The {ALICE} experiment at the {CERN} {LHC}},
	journal = {Journal of Instrumentation},
}

 @online{sito_cern__LHC,
	Label = {sito_cern_LHC},
	Title = {Sito Web del {C}ern},
	note = {https://home.cern/science/accelerators/large-hadron-collider}}
	

@article{QCD,
    author  = "Ulrich W. Heinz",
    title   = "{RHIC} serves the perfect fluid” – {H}ydrodynamic flow of the {QGP}",
    year    = "2005",
    journal = "Resoconto del workshop internzaionale: \textit{Extreme QCD}, 2-5 Agosto 2005, Universià di Wales, Swansea ",
    pages   = "1-2"
}


@article{QCD2,
	doi = {10.1088/1742-6596/455/1/012004},
	url = {https://doi.org/10.1088%2F1742-6596%2F455%2F1%2F012004},
	year = 2013,
	month = {aug},
	publisher = {{IOP} Publishing},
	volume = {455},
	pages = {012004},
	author = {Panagiota Foka},
	title = {Overview of results from {ALICE} at the {CERN} {LHC}},
	journal = {Journal of Physics: Conference Series},

}


@article{mesoniD,
author = {Hamon, Julien},
year = {2018},
month = {02},
pages = {},
title = {D-meson production in proton-proton collisions with ALICE at the LHC},
volume = {294-296},
journal = {Nuclear and Particle Physics Proceedings},
doi = {10.1016/j.nuclphysbps.2018.03.004}
}


@article{PDG,
  title = {Review of Particle Physics},
  author = {Tanabashi, M. et al.},
  collaboration = {Particle Data Group},
  journal = {Phys. Rev. D},
  volume = {98},
  issue = {3},
  pages = {030001},
  numpages = {1898},
  year = {2018},
  month = {Aug},
  publisher = {American Physical Society},
  doi = {10.1103/PhysRevD.98.030001},
  url = {https://link.aps.org/doi/10.1103/PhysRevD.98.030001},
  note =  {Particle Data Group}
}


@article{articoloDeepLearning,
  title={Searching for exotic particles in high-energy physics with deep learning.},
  author={Pierre Baldi and P. Allan Sadowski e D. O. Whiteson},
  journal={Nature communications},
  year={2014},
  volume={5},
  pages={4308 }
}


@article{sitoMachineLearning,
    title   = "{Machine Learning}",
	note = {http://www.intelligenzaartificiale.it/machine-learning/}}	
	
	
@article{TMVAGuide,
      author         = "Hocker, Andreas et al.",
      title          = "{TMVA - Toolkit for Multivariate Data Analysis}",
      year           = "2007",
      eprint         = "physics/0703039",
      archivePrefix  = "arXiv",
      primaryClass   = "physics.data-an",
      reportNumber   = "CERN-OPEN-2007-007",
      SLACcitation   = "%%CITATION = PHYSICS/0703039;%%"
}